@Misc{blackPerl,
author = {Wikipedia},
title = {Black Perl},
howpublished = {\url{http://en.wikipedia.org/wiki/Black_Perl}},
month = {12},
year = {1012}
}
@Manual{guidelines,
title = {Notes for the Presentation of Final-Year Dissertation},
author = {Faculty of Engineering},
organization = {University of Malta},
url={http://www.um.edu.mt/__data/assets/pdf_file/0004/199768/Guidelines_for_the_preparation_of_the_synopsis_June_2013_after_FB-1.pdf},
address = {Msida}
}
@article{Gra91,
author = {Gr\"{a}tzel, Michael and Brian, O'Regan},
journal = {Nature},
pages = {737--740},
title = {{A low-cost, high-efficiency solar cell based on dye-sensitized colloidal TiO$_2$ films}},
url = {http://vohweb.chem.ucla.edu/voh/classes\%5Cfall11\%5C285ID174\%5Cpaper10b.pdf},
volume = {353},
year = {1991}
}
@Book{Quantum,
author = {Nouredine Zettili},
title = {Quantum Mechanics concepts and applications},
publisher = {Wiley},
year = {2009},
edition = {2},
}